<record><leader>00000cas a22000007a 4500</leader><controlfield tag="001">8797943</controlfield><controlfield tag="008">820922d19361940caudn ne      0    0eng  </controlfield><datafield ind1=" " ind2=" " tag="010"><subfield code="a">sn 82014920 </subfield></datafield><datafield ind1=" " ind2=" " tag="040"><subfield code="a">DLC</subfield><subfield code="b">eng</subfield><subfield code="c">DLC</subfield><subfield code="d">CNQ</subfield><subfield code="d">NVF</subfield><subfield code="d">CNK</subfield><subfield code="d">DLC</subfield><subfield code="d">OCLCO</subfield><subfield code="d">OCLCF</subfield><subfield code="d">DLC</subfield><subfield code="d">OCLCO</subfield></datafield><datafield ind1="1" ind2=" " tag="029"><subfield code="a">AU@</subfield><subfield code="b">000020336633</subfield></datafield><datafield ind1=" " ind2=" " tag="042"><subfield code="a">msc</subfield></datafield><datafield ind1=" " ind2=" " tag="043"><subfield code="a">n-us-ca</subfield></datafield><datafield ind1="0" ind2=" " tag="130"><subfield code="a">Daily news (Los Angeles, Calif. : 1936)</subfield></datafield><datafield ind1="0" ind2="0" tag="245"><subfield code="a">Daily news.</subfield></datafield><datafield ind1="1" ind2="3" tag="246"><subfield code="a">Los Angeles daily news</subfield></datafield><datafield ind1=" " ind2=" " tag="260"><subfield code="a">Los Angeles, Ca. :</subfield><subfield code="b">M. Boddy,</subfield><subfield code="c">1936-1940.</subfield></datafield><datafield ind1=" " ind2=" " tag="300"><subfield code="a">v.</subfield></datafield><datafield ind1=" " ind2=" " tag="310"><subfield code="a">Daily (except Sunday)</subfield></datafield><datafield ind1="0" ind2=" " tag="362"><subfield code="a">Vol. 14, no. 52 (Nov. 2, 1936)-v. 17, no. 180 (Mar. 30, 1940).</subfield></datafield><datafield ind1=" " ind2="0" tag="651"><subfield code="a">Los Angeles (Calif.)</subfield><subfield code="v">Newspapers.</subfield></datafield><datafield ind1=" " ind2="7" tag="651"><subfield code="a">California</subfield><subfield code="z">Los Angeles.</subfield><subfield code="2">fast</subfield><subfield code="0">(OCoLC)fst01204540</subfield></datafield><datafield ind1=" " ind2="7" tag="655"><subfield code="a">Newspapers.</subfield><subfield code="2">fast</subfield><subfield code="0">(OCoLC)fst01423814</subfield></datafield><datafield ind1=" " ind2=" " tag="752"><subfield code="a">United States</subfield><subfield code="b">California</subfield><subfield code="c">Los Angeles</subfield><subfield code="d">Los Angeles.</subfield></datafield><datafield ind1="0" ind2="0" tag="780"><subfield code="t">Illustrated daily news (Los Angeles, Calif.)</subfield><subfield code="w">(DLC)sn 92055173</subfield><subfield code="w">(OCoLC)26716041</subfield></datafield><datafield ind1="0" ind2="0" tag="785"><subfield code="t">News (Los Angeles, Calif.)</subfield><subfield code="w">(DLC)sn 91052261</subfield><subfield code="w">(OCoLC)23184701</subfield></datafield></record>